@ARTICLE{Adibekyan2012,
       author = {{Adibekyan}, V. Zh. and {Sousa}, S.~G. and {Santos}, N.~C. and
         {Delgado Mena}, E. and {Gonz{\'a}lez Hern{\'a}ndez}, J.~I. and
         {Israelian}, G. and {Mayor}, M. and {Khachatryan}, G.},
        title = "{Chemical abundances of 1111 FGK stars from the HARPS GTO planet search program. Galactic stellar populations and planets}",
      journal = {\aap},
     keywords = {stars: abundances, planetary systems, stars: fundamental parameters, Galaxy: disk, solar neighborhood, stars: kinematics and dynamics, Astrophysics - Earth and Planetary Astrophysics, Astrophysics - Solar and Stellar Astrophysics},
         year = "2012",
        month = "Sep",
       volume = {545},
          eid = {A32},
        pages = {A32},
          doi = {10.1051/0004-6361/201219401},
archivePrefix = {arXiv},
       eprint = {1207.2388},
 primaryClass = {astro-ph.EP},
       adsurl = {https://ui.adsabs.harvard.edu/abs/2012A&A...545A..32A},
      adsnote = {Provided by the SAO/NASA Astrophysics Data System}
}

@ARTICLE{Onehag2011,
       author = {{{\"O}nehag}, A. and {Korn}, A. and {Gustafsson}, B. and {Stempels}, E. and
         {Vandenberg}, D.~A.},
        title = "{M67-1194, an unusually Sun-like solar twin in M67}",
      journal = {\aap},
     keywords = {stars: abundances, stars: fundamental parameters, stars: solar-type, Sun: abundances, open cluster and associations: individual: NGC 2682 (M67), techniques: spectroscopic, Astrophysics - Solar and Stellar Astrophysics},
         year = "2011",
        month = "Apr",
       volume = {528},
          eid = {A85},
        pages = {A85},
          doi = {10.1051/0004-6361/201015138},
archivePrefix = {arXiv},
       eprint = {1009.4579},
 primaryClass = {astro-ph.SR},
       adsurl = {https://ui.adsabs.harvard.edu/abs/2011A&A...528A..85O},
      adsnote = {Provided by the SAO/NASA Astrophysics Data System}
}

@ARTICLE{TucciMaia2016,
       author = {{Tucci Maia}, M. and {Ram{\'\i}rez}, I. and {Mel{\'e}ndez}, J. and
         {Bedell}, M. and {Bean}, J.~L. and {Asplund}, M.},
        title = "{The Solar Twin Planet Search. III. The [Y/Mg] clock: estimating stellar ages of solar-type stars}",
      journal = {\aap},
     keywords = {stars: abundances, stars: evolution, Galaxy: evolution, Astrophysics - Solar and Stellar Astrophysics},
         year = "2016",
        month = "May",
       volume = {590},
          eid = {A32},
        pages = {A32},
          doi = {10.1051/0004-6361/201527848},
archivePrefix = {arXiv},
       eprint = {1604.05733},
 primaryClass = {astro-ph.SR},
       adsurl = {https://ui.adsabs.harvard.edu/abs/2016A&A...590A..32T},
      adsnote = {Provided by the SAO/NASA Astrophysics Data System}
}

@ARTICLE{Pasquini2008,
       author = {{Pasquini}, L. and {Biazzo}, K. and {Bonifacio}, P. and {Randich}, S. and
         {Bedin}, L.~R.},
        title = "{Solar twins in M 67}",
      journal = {\aap},
     keywords = {stars: fundamental parameters, Galaxy: open clusters and associations: individual: M 67, stars: late-type, Astrophysics},
         year = "2008",
        month = "Oct",
       volume = {489},
       number = {2},
        pages = {677-684},
          doi = {10.1051/0004-6361:200809714},
archivePrefix = {arXiv},
       eprint = {0807.0092},
 primaryClass = {astro-ph},
       adsurl = {https://ui.adsabs.harvard.edu/abs/2008A&A...489..677P},
      adsnote = {Provided by the SAO/NASA Astrophysics Data System}
}

@ARTICLE{Heiter2015,
       author = {{Heiter}, U. and {Jofr{\'e}}, P. and {Gustafsson}, B. and {Korn}, A.~J. and
         {Soubiran}, C. and {Th{\'e}venin}, F.},
        title = "{Gaia FGK benchmark stars: Effective temperatures and surface gravities}",
      journal = {\aap},
     keywords = {stars: late-type, stars: fundamental parameters, stars: atmospheres, standards, surveys, Astrophysics - Solar and Stellar Astrophysics},
         year = "2015",
        month = "Oct",
       volume = {582},
          eid = {A49},
        pages = {A49},
          doi = {10.1051/0004-6361/201526319},
archivePrefix = {arXiv},
       eprint = {1506.06095},
 primaryClass = {astro-ph.SR},
       adsurl = {https://ui.adsabs.harvard.edu/abs/2015A&A...582A..49H},
      adsnote = {Provided by the SAO/NASA Astrophysics Data System}
}

@ARTICLE{2019arXiv190411302A,
   author = {{Anders}, F. and {Khalatyan}, A. and {Chiappini}, C. and {Queiroz}, A.~B. and 
	{Santiago}, B.~X. and {Jordi}, C. and {Girardi}, L. and {Brown}, A.~G.~A. and 
	{Matijevi{\v c}}, G. and {Monari}, G. and {Cantat-Gaudin}, T. and 
	{Weiler}, M. and {Khan}, S. and {Miglio}, A. and {Carrillo}, I. and 
	{Romero-G{\'o}mez}, M. and {Minchev}, I. and {de Jong}, R.~S. and 
	{Antoja}, T. and {Ramos}, P. and {Steinmetz}, M. and {Enke}, H.
	},
    title = "{Photo-astrometric distances, extinctions, and astrophysical parameters for Gaia DR2 stars brighter than G = 18}",
  journal = {arXiv e-prints},
archivePrefix = "arXiv",
   eprint = {1904.11302},
 keywords = {Astrophysics - Astrophysics of Galaxies, Astrophysics - Solar and Stellar Astrophysics},
     year = 2019,
    month = apr,
   adsurl = {http://adsabs.harvard.edu/abs/2019arXiv190411302A},
  adsnote = {Provided by the SAO/NASA Astrophysics Data System}
}


@ARTICLE{vra16,
   author = {{Vrard}, M. and {Mosser}, B. and {Samadi}, R.},
    title = "{Period spacings in red giants. II. Automated measurement.}",
  journal = {VizieR Online Data Catalog},
     year = 2016,
   volume = 358,
   adsurl = {http://adsabs.harvard.edu/abs/2016yCat..35880087V},
  adsnote = {Provided by the SAO/NASA Astrophysics Data System}
}

@ARTICLE{Bensby2014,
       author = {{Bensby}, T. and {Feltzing}, S. and {Oey}, M.~S.},
        title = "{Exploring the Milky Way stellar disk. A detailed elemental abundance study of 714 F and G dwarf stars in the solar neighbourhood}",
      journal = {\aap},
     keywords = {Galaxy: disk, Galaxy: formation, Galaxy: evolution, stars: abundances, stars: fundamental parameters, stars: kinematics and dynamics, Astrophysics - Astrophysics of Galaxies},
         year = "2014",
        month = "Feb",
       volume = {562},
          eid = {A71},
        pages = {A71},
          doi = {10.1051/0004-6361/201322631},
archivePrefix = {arXiv},
       eprint = {1309.2631},
 primaryClass = {astro-ph.GA},
       adsurl = {https://ui.adsabs.harvard.edu/abs/2014A&A...562A..71B},
      adsnote = {Provided by the SAO/NASA Astrophysics Data System}
}



@ARTICLE{cha14,
   author = {{Chaplin}, W.~J. and {Basu}, S. and {Huber}, D. and {Serenelli}, A. and 
	{Casagrande}, L. and {Silva Aguirre}, V. and {Ball}, W.~H. and 
	{Creevey}, O.~L. and {Gizon}, L. and {Handberg}, R. and {Karoff}, C. and 
	{Lutz}, R. and {Marques}, J.~P. and {Miglio}, A. and {Stello}, D. and 
	{Suran}, M.~D. and {Pricopi}, D. and {Metcalfe}, T.~S. and {Monteiro}, M.~J.~P.~F.~G. and 
	{Molenda-Zakowicz}, J. and {Appourchaux}, T. and {Christensen-Dalsgaard}, J. and 
	{Elsworth}, Y. and {Garcia}, R.~A. and {Houdek}, G. and {Kjeldsen}, H. and 
	{Bonanno}, A. and {Campante}, T.~L. and {Corsaro}, E. and {Gaulme}, P. and 
	{Hekker}, S. and {Mathur}, S. and {Mosser}, B. and {Regulo}, C. and 
	{Salabert}, D.},
    title = "{VizieR Online Data Catalog: Asteroseismic study of solar-type stars (Chaplin+, 2014)}",
  journal = {VizieR Online Data Catalog},
 keywords = {Abundances: [Fe/H], Effective temperatures, Stars: masses, Stars: ages},
     year = 2014,
    month = jan,
   volume = 221,
   adsurl = {http://adsabs.harvard.edu/abs/2014yCat..22100001C},
  adsnote = {Provided by the SAO/NASA Astrophysics Data System}
}


@ARTICLE{cas11,
   author = {{Casagrande}, L. and {Schoenrich}, R. and {Asplund}, M. and 
	{Cassisi}, S. and {Ramirez}, I. and {Melendez}, J. and {Bensby}, T. and 
	{Feltzing}, S.},
    title = "{VizieR Online Data Catalog: Geneva-Copenhagen survey re-analysis (Casagrande+, 2011)}",
  journal = {VizieR Online Data Catalog},
 keywords = {Stars: nearby, Abundances: [Fe/H], Positional data, Radial velocities, Space velocities, Effective temperatures, Stars: ages, Stars: masses},
     year = 2011,
    month = apr,
   volume = 353,
   adsurl = {http://adsabs.harvard.edu/abs/2011yCat..35300138C},
  adsnote = {Provided by the SAO/NASA Astrophysics Data System}
}



@ARTICLE{2018A&A...618A..93C,
   author = {{Cantat-Gaudin}, T. and {Jordi}, C. and {Vallenari}, A. and 
	{Bragaglia}, A. and {Balaguer-N{\'u}{\~n}ez}, L. and {Soubiran}, C. and 
	{Bossini}, D. and {Moitinho}, A. and {Castro-Ginard}, A. and 
	{Krone-Martins}, A. and {Casamiquela}, L. and {Sordo}, R. and 
	{Carrera}, R.},
    title = "{A Gaia DR2 view of the open cluster population in the Milky Way}",
  journal = {\aap},
archivePrefix = "arXiv",
   eprint = {1805.08726},
 keywords = {stars: distances, Galaxy: disk, Galaxy: structure, open clusters and associations: general},
     year = 2018,
    month = oct,
   volume = 618,
      eid = {A93},
    pages = {A93},
      doi = {10.1051/0004-6361/201833476},
   adsurl = {http://adsabs.harvard.edu/abs/2018A%26A...618A..93C},
  adsnote = {Provided by the SAO/NASA Astrophysics Data System}
}

@ARTICLE{Bovy2014,
   author = {{Bovy}, J. and {Nidever}, D.~L. and {Rix}, H.-W. and {Girardi}, L. and 
	{Zasowski}, G. and {Chojnowski}, S.~D. and {Holtzman}, J. and 
	{Epstein}, C. and {Frinchaboy}, P.~M. and {Hayden}, M.~R. and 
	{Rodrigues}, T.~S. and {Majewski}, S.~R. and {Johnson}, J.~A. and 
	{Pinsonneault}, M.~H. and {Stello}, D. and {Allende Prieto}, C. and 
	{Andrews}, B. and {Basu}, S. and {Beers}, T.~C. and {Bizyaev}, D. and 
	{Burton}, A. and {Chaplin}, W.~J. and {Cunha}, K. and {Elsworth}, Y. and 
	{Garc{\'{\i}}a}, R.~A. and {Garc{\'{\i}}a-Her{\'n}andez}, D.~A. and 
	{Garc{\'{\i}}a P{\'e}rez}, A.~E. and {Hearty}, F.~R. and {Hekker}, S. and 
	{Kallinger}, T. and {Kinemuchi}, K. and {Koesterke}, L. and 
	{M{\'e}sz{\'a}ros}, S. and {Mosser}, B. and {O'Connell}, R.~W. and 
	{Oravetz}, D. and {Pan}, K. and {Robin}, A.~C. and {Schiavon}, R.~P. and 
	{Schneider}, D.~P. and {Schultheis}, M. and {Serenelli}, A. and 
	{Shetrone}, M. and {Silva Aguirre}, V. and {Simmons}, A. and 
	{Skrutskie}, M. and {Smith}, V.~V. and {Stassun}, K. and {Weinberg}, D.~H. and 
	{Wilson}, J.~C. and {Zamora}, O.},
    title = "{The APOGEE Red-clump Catalog: Precise Distances, Velocities, and High-resolution Elemental Abundances over a Large Area of the Milky Way's Disk}",
  journal = {\apj},
archivePrefix = "arXiv",
   eprint = {1405.1032},
 keywords = {Galaxy: abundances, Galaxy: disk, Galaxy: stellar content, Galaxy: structure, stars: distances, stars: general},
     year = 2014,
    month = aug,
   volume = 790,
      eid = {127},
    pages = {127},
      doi = {10.1088/0004-637X/790/2/127},
   adsurl = {http://adsabs.harvard.edu/abs/2014ApJ...790..127B},
  adsnote = {Provided by the SAO/NASA Astrophysics Data System}
}

@INPROCEEDINGS{PHOENIX,
   author = {{Brott}, I. and {Hauschildt}, P.~H.},
    title = "{A PHOENIX Model Atmosphere Grid for Gaia}",
 keywords = {Stars atmospheres, Stars late-type, Radiative transfer, Gaia},
booktitle = {The Three-Dimensional Universe with Gaia},
     year = 2005,
   series = {ESA Special Publication},
   volume = 576,
   eprint = {astro-ph/0503395},
   editor = {{Turon}, C. and {O'Flaherty}, K.~S. and {Perryman}, M.~A.~C.
	},
    month = jan,
    pages = {565},
   adsurl = {http://adsabs.harvard.edu/abs/2005ESASP.576..565B},
  adsnote = {Provided by the SAO/NASA Astrophysics Data System}
}

@ARTICLE{Fuhrmann2011,
   author = {{Fuhrmann}, K.},
    title = "{Nearby stars of the Galactic disc and halo - V}",
  journal = {\mnras},
 keywords = {stars: fundamental parameters, Galaxy: evolution, Galaxy: formation, Galaxy: stellar content},
     year = 2011,
    month = jul,
   volume = 414,
    pages = {2893-2922},
      doi = {10.1111/j.1365-2966.2011.18476.x},
   adsurl = {http://adsabs.harvard.edu/abs/2011MNRAS.414.2893F},
  adsnote = {Provided by the SAO/NASA Astrophysics Data System}
}

@ARTICLE{MARCS,
   author = {{Gustafsson}, B. and {Edvardsson}, B. and {Eriksson}, K. and 
	{J{\o}rgensen}, U.~G. and {Nordlund}, {\AA}. and {Plez}, B.},
    title = "{A grid of MARCS model atmospheres for late-type stars. I. Methods and general properties}",
  journal = {\aap},
archivePrefix = "arXiv",
   eprint = {0805.0554},
 keywords = {stars: atmospheres, Sun: abundances, stars: fundamental parameters, stars: general, stars: late-type, stars: supergiants},
     year = 2008,
    month = aug,
   volume = 486,
    pages = {951-970},
      doi = {10.1051/0004-6361:200809724},
   adsurl = {http://adsabs.harvard.edu/abs/2008A%26A...486..951G},
  adsnote = {Provided by the SAO/NASA Astrophysics Data System}
}

@ARTICLE{Weiler2018,
   author = {{Weiler}, M.},
    title = "{Revised Gaia Data Release 2 passbands}",
  journal = {ArXiv e-prints 1805.08082},
archivePrefix = "arXiv",
   eprint = {1805.08082},
 primaryClass = "astro-ph.IM",
 keywords = {Astrophysics - Instrumentation and Methods for Astrophysics},
     year = 2018,
    month = may,
   adsurl = {http://adsabs.harvard.edu/abs/2018arXiv180508082W},
  adsnote = {Provided by the SAO/NASA Astrophysics Data System}
}

@ARTICLE{Evans2018,
   author = {{Evans}, D.~W. and {Riello}, M. and {De Angeli}, F. and {Carrasco}, J.~M. and 
	{Montegriffo}, P. and {Fabricius}, C. and {Jordi}, C. and {Palaversa}, L. and 
	{Diener}, C. and {Busso}, G. and {Cacciari}, C. and {van Leeuwen}, F.
	},
    title = "{Gaia Data Release 2: Photometric content and validation}",
  journal = {ArXiv e-prints 1804.09368},
archivePrefix = "arXiv",
   eprint = {1804.09368},
 primaryClass = "astro-ph.IM",
 keywords = {Astrophysics - Instrumentation and Methods for Astrophysics},
     year = 2018,
    month = apr,
   adsurl = {http://adsabs.harvard.edu/abs/2018arXiv180409368E},
  adsnote = {Provided by the SAO/NASA Astrophysics Data System}
}

@ARTICLE{MAW2018,
   author = {{Ma{\'{\i}}z Apell{\'a}niz}, J. and {Weiler}, M.},
    title = "{A reanalysis of the Gaia Data Release 2 photometric sensitivity curves using HST/STIS spectrophotometry}",
  journal = {ArXiv e-prints 1808.02820},
archivePrefix = "arXiv",
   eprint = {1808.02820},
 primaryClass = "astro-ph.IM",
 keywords = {Astrophysics - Instrumentation and Methods for Astrophysics, Astrophysics - Solar and Stellar Astrophysics},
     year = 2018,
    month = aug,
   adsurl = {http://adsabs.harvard.edu/abs/2018arXiv180802820M},
  adsnote = {Provided by the SAO/NASA Astrophysics Data System}
}

@ARTICLE{Andrae2018,
   author = {{Andrae}, R. and {Fouesneau}, M. and {Creevey}, O. and {Ordenovic}, C. and 
	{Mary}, N. and {Burlacu}, A. and {Chaoul}, L. and {Jean-Antoine-Piccolo}, A. and 
	{Kordopatis}, G. and {Korn}, A. and {Lebreton}, Y. and {Panem}, C. and 
	{Pichon}, B. and {Thevenin}, F. and {Walmsley}, G. and {Bailer-Jones}, C.~A.~L.
	},
    title = "{Gaia Data Release 2: first stellar parameters from Apsis}",
  journal = {ArXiv e-prints 1804.09374},
archivePrefix = "arXiv",
   eprint = {1804.09374},
 primaryClass = "astro-ph.SR",
 keywords = {Astrophysics - Solar and Stellar Astrophysics, Astrophysics - Astrophysics of Galaxies},
     year = 2018,
    month = apr,
   adsurl = {http://adsabs.harvard.edu/abs/2018arXiv180409374A},
  adsnote = {Provided by the SAO/NASA Astrophysics Data System}
}

@ARTICLE{Jordi2010,
   author = {{Jordi}, C. and {Gebran}, M. and {Carrasco}, J.~M. and {de Bruijne}, J. and 
	{Voss}, H. and {Fabricius}, C. and {Knude}, J. and {Vallenari}, A. and 
	{Kohley}, R. and {Mora}, A.},
    title = "{Gaia broad band photometry}",
  journal = {\aap},
archivePrefix = "arXiv",
   eprint = {1008.0815},
 primaryClass = "astro-ph.IM",
 keywords = {instrumentation: photometers, techniques: photometric, Galaxy: general, dust, extinction, stars: evolution},
     year = 2010,
    month = nov,
   volume = 523,
      eid = {A48},
    pages = {A48},
      doi = {10.1051/0004-6361/201015441},
   adsurl = {http://adsabs.harvard.edu/abs/2010A%26A...523A..48J},
  adsnote = {Provided by the SAO/NASA Astrophysics Data System}
}

@ARTICLE{2012MNRAS.427..127B,
       author = {{Bressan}, Alessandro and {Marigo}, Paola and {Girardi}, L{\'e}o. and
        {Salasnich}, Bernardo and {Dal Cero}, Claudia and {Rubele},
        Stefano and {Nanni}, Ambra},
        title = "{PARSEC: stellar tracks and isochrones with the PAdova and TRieste
        Stellar Evolution Code}",
      journal = {\mnras},
     keywords = {stars: evolution, Hertzsprung‒Russell and colour magnitude diagrams,
        stars: interiors, stars: low-mass, Astrophysics - Solar and
        Stellar Astrophysics},
         year = 2012,
        month = Nov,
       volume = {427},
        pages = {127-145},
          doi = {10.1111/j.1365-2966.2012.21948.x},
archivePrefix = {arXiv},
       eprint = {1208.4498},
 primaryClass = {astro-ph.SR},
       adsurl = {https://ui.adsabs.harvard.edu/#abs/2012MNRAS.427..127B},
      adsnote = {Provided by the SAO/NASA Astrophysics Data System}
}

@ARTICLE{2014MNRAS.444.2525C,
       author = {{Chen}, Yang and {Girardi}, L{\'e}o and {Bressan}, Alessandro and
        {Marigo}, Paola and {Barbieri}, Mauro and {Kong}, Xu},
        title = "{Improving PARSEC models for very low mass stars}",
      journal = {\mnras},
     keywords = {stars: evolution, Hertzsprung-Russell and colour-magnitude diagrams,
        stars: low-mass, Astrophysics - Solar and Stellar Astrophysics},
         year = 2014,
        month = Nov,
       volume = {444},
        pages = {2525-2543},
          doi = {10.1093/mnras/stu1605},
archivePrefix = {arXiv},
       eprint = {1409.0322},
 primaryClass = {astro-ph.SR},
       adsurl = {https://ui.adsabs.harvard.edu/#abs/2014MNRAS.444.2525C},
      adsnote = {Provided by the SAO/NASA Astrophysics Data System}
}

@ARTICLE{2015MNRAS.452.1068C,
       author = {{Chen}, Yang and {Bressan}, Alessandro and {Girardi}, L{\'e}o and
        {Marigo}, Paola and {Kong}, Xu and {Lanza}, Antonio},
        title = "{PARSEC evolutionary tracks of massive stars up to 350 M$_{☉}$ at
        metallicities 0.0001 {\ensuremath{\leq}} Z {\ensuremath{\leq}}
        0.04}",
      journal = {\mnras},
     keywords = {stars: evolution, Hertzsprung-Russell and colour-magnitude diagrams,
        stars: massive, stars: mass-loss, supergiants, stars: Wolf-
        Rayet, Astrophysics - Solar and Stellar Astrophysics},
         year = 2015,
        month = Sep,
       volume = {452},
        pages = {1068-1080},
          doi = {10.1093/mnras/stv1281},
 primaryClass = {astro-ph.SR},
       adsurl = {https://ui.adsabs.harvard.edu/#abs/2015MNRAS.452.1068C},
      adsnote = {Provided by the SAO/NASA Astrophysics Data System}
}

@ARTICLE{2014MNRAS.445.4287T,
       author = {{Tang}, Jing and {Bressan}, Alessandro and {Rosenfield}, Philip and
        {Slemer}, Alessandra and {Marigo}, Paola and {Girardi}, L{\'e}o
        and {Bianchi}, Luciana},
        title = "{New PARSEC evolutionary tracks of massive stars at low metallicity:
        testing canonical stellar evolution in nearby star-forming dwarf
        galaxies}",
      journal = {\mnras},
     keywords = {stars: evolution, Hertzsprung-Russell and colour-magnitude diagrams,
        stars: interiors, stars: massive, Astrophysics - Solar and
        Stellar Astrophysics},
         year = 2014,
        month = Dec,
       volume = {445},
        pages = {4287-4305},
          doi = {10.1093/mnras/stu2029},
archivePrefix = {arXiv},
       eprint = {1410.1745},
 primaryClass = {astro-ph.SR},
       adsurl = {https://ui.adsabs.harvard.edu/#abs/2014MNRAS.445.4287T},
      adsnote = {Provided by the SAO/NASA Astrophysics Data System}
}

@ARTICLE{2016ApJ...823..102C,
       author = {{Choi}, Jieun and {Dotter}, Aaron and {Conroy}, Charlie and {Cantiello},
        Matteo and {Paxton}, Bill and {Johnson}, Benjamin D.},
        title = "{Mesa Isochrones and Stellar Tracks (MIST). I. Solar-scaled Models}",
      journal = {\apj},
     keywords = {stars: evolution, stars: general, stars: interiors, Astrophysics - Solar
        and Stellar Astrophysics},
         year = 2016,
        month = Jun,
       volume = {823},
          eid = {102},
        pages = {102},
          doi = {10.3847/0004-637X/823/2/102},
 primaryClass = {astro-ph.SR},
       adsurl = {https://ui.adsabs.harvard.edu/#abs/2016ApJ...823..102C},
      adsnote = {Provided by the SAO/NASA Astrophysics Data System}
}

@ARTICLE{2018A&A...616A..10G,
       author = {{Babusiaux}, C. and {van Leeuwen}, F. and {Barstow}, M.~A. and {Jordi},
        C. and {Vallenari}, A. and {Bossini}, D. and {Bressan}, A. and
        {Cantat-Gaudin}, T. and {van Leeuwen}, M. and {Brown}, A.~G.~A.
        and {Prusti}, T. and {de Bruijne}, J.~H.~J. and {Bailer-Jones},
        C.~A.~L. and {Biermann}, M. and {Evans}, D.~W. and {Eyer}, L.
        and {Jansen}, F. and {Klioner}, S.~A. and {Lammers}, U. and
        {Lindegren}, L. and {Luri}, X. and {Mignard}, F. and {Panem}, C.
        and {Pourbaix}, D. and {Randich}, S. and {Sartoretti}, P. and
        {Siddiqui}, H.~I. and {Soubiran}, C. and {Walton}, N.~A. and
        {Arenou}, F. and {Bastian}, U. and {Cropper}, M. and {Drimmel},
        R. and {Katz}, D. and {Lattanzi}, M.~G. and {Bakker}, J. and
        {Cacciari}, C. and {Casta{\~n}eda}, J. and {Chaoul}, L. and
        {Cheek}, N. and {De Angeli}, F. and {Fabricius}, C. and
        {Guerra}, R. and {Holl}, B. and {Masana}, E. and {Messineo}, R.
        and {Mowlavi}, N. and {Nienartowicz}, K. and {Panuzzo}, P. and
        {Portell}, J. and {Riello}, M. and {Seabroke}, G.~M. and
        {Tanga}, P. and {Th{\'e}venin}, F. and {Gracia-Abril}, G. and
        {Comoretto}, G. and {Garcia-Reinaldos}, M. and {Teyssier}, D.
        and {Altmann}, M. and {Andrae}, R. and {Audard}, M. and {Bellas-
        Velidis}, I. and {Benson}, K. and {Berthier}, J. and {Blomme},
        R. and {Burgess}, P. and {Busso}, G. and {Carry}, B. and
        {Cellino}, A. and {Clementini}, G. and {Clotet}, M. and
        {Creevey}, O. and {Davidson}, M. and {De Ridder}, J. and
        {Delchambre}, L. and {Dell'Oro}, A. and {Ducourant}, C. and
        {Fern{\'a}ndez-Hern{\'a}ndez}, J. and {Fouesneau}, M. and
        {Fr{\'e}mat}, Y. and {Galluccio}, L. and {Garc{\'\i}a-Torres},
        M. and {Gonz{\'a}lez-N{\'u}{\~n}ez}, J. and {Gonz{\'a}lez-
        Vidal}, J.~J. and {Gosset}, E. and {Guy}, L.~P. and {Halbwachs},
        J. -L. and {Hambly}, N.~C. and {Harrison}, D.~L. and
        {Hern{\'a}ndez}, J. and {Hestroffer}, D. and {Hodgkin}, S.~T.
        and {Hutton}, A. and {Jasniewicz}, G. and {Jean-Antoine-
        Piccolo}, A. and {Jordan}, S. and {Korn}, A.~J. and {Krone-
        Martins}, A. and {Lanzafame}, A.~C. and {Lebzelter}, T. and
        {L{\"o}ffler}, W. and {Manteiga}, M. and {Marrese}, P.~M. and
        {Mart{\'\i}n-Fleitas}, J.~M. and {Moitinho}, A. and {Mora}, A.
        and {Muinonen}, K. and {Osinde}, J. and {Pancino}, E. and
        {Pauwels}, T. and {Petit}, J. -M. and {Recio-Blanco}, A. and
        {Richards}, P.~J. and {Rimoldini}, L. and {Robin}, A.~C. and
        {Sarro}, L.~M. and {Siopis}, C. and {Smith}, M. and {Sozzetti},
        A. and {S{\"u}veges}, M. and {Torra}, J. and {van Reeven}, W.
        and {Abbas}, U. and {Abreu Aramburu}, A. and {Accart}, S. and
        {Aerts}, C. and {Altavilla}, G. and {{\'A}lvarez}, M.~A. and
        {Alvarez}, R. and {Alves}, J. and {Anderson}, R.~I. and
        {Andrei}, A.~H. and {Anglada Varela}, E. and {Antiche}, E. and
        {Antoja}, T. and {Arcay}, B. and {Astraatmadja}, T.~L. and
        {Bach}, N. and {Baker}, S.~G. and {Balaguer-N{\'u}{\~n}ez}, L.
        and {Balm}, P. and {Barache}, C. and {Barata}, C. and {Barbato},
        D. and {Barblan}, F. and {Barklem}, P.~S. and {Barrado}, D. and
        {Barros}, M. and {Bartholom{\'e} Mu{\~n}oz}, L. and {Bassilana},
        J. -L. and {Becciani}, U. and {Bellazzini}, M. and {Berihuete},
        A. and {Bertone}, S. and {Bianchi}, L. and {Bienaym{\'e}}, O.
        and {Blanco-Cuaresma}, S. and {Boch}, T. and {Boeche}, C. and
        {Bombrun}, A. and {Borrachero}, R. and {Bouquillon}, S. and
        {Bourda}, G. and {Bragaglia}, A. and {Bramante}, L. and
        {Breddels}, M.~A. and {Brouillet}, N. and {Br{\"u}semeister}, T.
        and {Brugaletta}, E. and {Bucciarelli}, B. and {Burlacu}, A. and
        {Busonero}, D. and {Butkevich}, A.~G. and {Buzzi}, R. and
        {Caffau}, E. and {Cancelliere}, R. and {Cannizzaro}, G. and
        {Carballo}, R. and {Carlucci}, T. and {Carrasco}, J.~M. and
        {Casamiquela}, L. and {Castellani}, M. and {Castro-Ginard}, A.
        and {Charlot}, P. and {Chemin}, L. and {Chiavassa}, A. and
        {Cocozza}, G. and {Costigan}, G. and {Cowell}, S. and {Crifo},
        F. and {Crosta}, M. and {Crowley}, C. and {Cuypers}, J. and
        {Dafonte}, C. and {Damerdji}, Y. and {Dapergolas}, A. and
        {David}, P. and {David}, M. and {de Laverny}, P. and {De Luise},
        F. and {De March}, R. and {de Martino}, D. and {de Souza}, R.
        and {de Torres}, A. and {Debosscher}, J. and {del Pozo}, E. and
        {Delbo}, M. and {Delgado}, A. and {Delgado}, H.~E. and
        {Diakite}, S. and {Diener}, C. and {Distefano}, E. and
        {Dolding}, C. and {Drazinos}, P. and {Dur{\'a}n}, J. and
        {Edvardsson}, B. and {Enke}, H. and {Eriksson}, K. and {Esquej},
        P. and {Eynard Bontemps}, G. and {Fabre}, C. and {Fabrizio}, M.
        and {Faigler}, S. and {Falc{\~a}o}, A.~J. and {Farr{\`a}s
        Casas}, M. and {Federici}, L. and {Fedorets}, G. and {Fernique},
        P. and {Figueras}, F. and {Filippi}, F. and {Findeisen}, K. and
        {Fonti}, A. and {Fraile}, E. and {Fraser}, M. and
        {Fr{\'e}zouls}, B. and {Gai}, M. and {Galleti}, S. and
        {Garabato}, D. and {Garc{\'\i}a-Sedano}, F. and {Garofalo}, A.
        and {Garralda}, N. and {Gavel}, A. and {Gavras}, P. and
        {Gerssen}, J. and {Geyer}, R. and {Giacobbe}, P. and {Gilmore},
        G. and {Girona}, S. and {Giuffrida}, G. and {Glass}, F. and
        {Gomes}, M. and {Granvik}, M. and {Gueguen}, A. and {Guerrier},
        A. and {Guiraud}, J. and {Guti{\'e}}, R. and {Haigron}, R. and
        {Hatzidimitriou}, D. and {Hauser}, M. and {Haywood}, M. and
        {Heiter}, U. and {Helmi}, A. and {Heu}, J. and {Hilger}, T. and
        {Hobbs}, D. and {Hofmann}, W. and {Holland}, G. and {Huckle},
        H.~E. and {Hypki}, A. and {Icardi}, V. and {Jan{\ss}en}, K. and
        {Jevardat de Fombelle}, G. and {Jonker}, P.~G. and {Juh{\'a}sz},
        {\'A}. L. and {Julbe}, F. and {Karampelas}, A. and {Kewley}, A.
        and {Klar}, J. and {Kochoska}, A. and {Kohley}, R. and
        {Kolenberg}, K. and {Kontizas}, M. and {Kontizas}, E. and
        {Koposov}, S.~E. and {Kordopatis}, G. and {Kostrzewa-Rutkowska},
        Z. and {Koubsky}, P. and {Lambert}, S. and {Lanza}, A.~F. and
        {Lasne}, Y. and {Lavigne}, J. -B. and {Le Fustec}, Y. and {Le
        Poncin-Lafitte}, C. and {Lebreton}, Y. and {Leccia}, S. and
        {Leclerc}, N. and {Lecoeur-Taibi}, I. and {Lenhardt}, H. and
        {Leroux}, F. and {Liao}, S. and {Licata}, E. and {Lindstr{\o}m},
        H.~E.~P. and {Lister}, T.~A. and {Livanou}, E. and {Lobel}, A.
        and {L{\'o}pez}, M. and {Managau}, S. and {Mann}, R.~G. and
        {Mantelet}, G. and {Marchal}, O. and {Marchant}, J.~M. and
        {Marconi}, M. and {Marinoni}, S. and {Marschalk{\'o}}, G. and
        {Marshall}, D.~J. and {Martino}, M. and {Marton}, G. and {Mary},
        N. and {Massari}, D. and {Matijevi{\v{c}}}, G. and {Mazeh}, T.
        and {McMillan}, P.~J. and {Messina}, S. and {Michalik}, D. and
        {Millar}, N.~R. and {Molina}, D. and {Molinaro}, R. and
        {Moln{\'a}r}, L. and {Montegriffo}, P. and {Mor}, R. and
        {Morbidelli}, R. and {Morel}, T. and {Morris}, D. and {Mulone},
        A.~F. and {Muraveva}, T. and {Musella}, I. and {Nelemans}, G.
        and {Nicastro}, L. and {Noval}, L. and {O'Mullane}, W. and
        {Ord{\'e}novic}, C. and {Ord{\'o}{\~n}ez-Blanco}, D. and
        {Osborne}, P. and {Pagani}, C. and {Pagano}, I. and {Pailler},
        F. and {Palacin}, H. and {Palaversa}, L. and {Panahi}, A. and
        {Pawlak}, M. and {Piersimoni}, A.~M. and {Pineau}, F. -X. and
        {Plachy}, E. and {Plum}, G. and {Poggio}, E. and {Poujoulet}, E.
        and {Pr{\v{s}}a}, A. and {Pulone}, L. and {Racero}, E. and
        {Ragaini}, S. and {Rambaux}, N. and {Ramos-Lerate}, M. and
        {Regibo}, S. and {Reyl{\'e}}, C. and {Riclet}, F. and {Ripepi},
        V. and {Riva}, A. and {Rivard}, A. and {Rixon}, G. and
        {Roegiers}, T. and {Roelens}, M. and {Romero-G{\'o}mez}, M. and
        {Rowell}, N. and {Royer}, F. and {Ruiz-Dern}, L. and {Sadowski},
        G. and {Sagrist{\`a} Sell{\'e}s}, T. and {Sahlmann}, J. and
        {Salgado}, J. and {Salguero}, E. and {Sanna}, N. and {Santana-
        Ros}, T. and {Sarasso}, M. and {Savietto}, H. and {Schultheis},
        M. and {Sciacca}, E. and {Segol}, M. and {Segovia}, J.~C. and
        {S{\'e}gransan}, D. and {Shih}, I. -C. and {Siltala}, L. and
        {Silva}, A.~F. and {Smart}, R.~L. and {Smith}, K.~W. and
        {Solano}, E. and {Solitro}, F. and {Sordo}, R. and {Soria
        Nieto}, S. and {Souchay}, J. and {Spagna}, A. and {Spoto}, F.
        and {Stampa}, U. and {Steele}, I.~A. and {Steidelm{\"u}ller}, H.
        and {Stephenson}, C.~A. and {Stoev}, H. and {Suess}, F.~F. and
        {Surdej}, J. and {Szabados}, L. and {Szegedi-Elek}, E. and
        {Tapiador}, D. and {Taris}, F. and {Tauran}, G. and {Taylor},
        M.~B. and {Teixeira}, R. and {Terrett}, D. and {Teyssandier}, P.
        and {Thuillot}, W. and {Titarenko}, A. and {Torra Clotet}, F.
        and {Turon}, C. and {Ulla}, A. and {Utrilla}, E. and {Uzzi}, S.
        and {Vaillant}, M. and {Valentini}, G. and {Valette}, V. and
        {van Elteren}, A. and {Van Hemelryck}, E. and {Vaschetto}, M.
        and {Vecchiato}, A. and {Veljanoski}, J. and {Viala}, Y. and
        {Vicente}, D. and {Vogt}, S. and {von Essen}, C. and {Voss}, H.
        and {Votruba}, V. and {Voutsinas}, S. and {Walmsley}, G. and
        {Weiler}, M. and {Wertz}, O. and {Wevers}, T. and {Wyrzykowski},
        {\L}. and {Yoldas}, A. and {{\v{Z}}erjal}, M. and {Ziaeepour},
        H. and {Zorec}, J. and {Zschocke}, S. and {Zucker}, S. and
        {Zurbach}, C. and {Zwitter}, T.},
        title = "{Gaia Data Release 2. Observational Hertzsprung-Russell diagrams}",
      journal = {\aap},
     keywords = {parallaxes, Hertzsprung-Russell and C-M diagrams, solar neighborhood,
        stars: evolution, Astrophysics - Solar and Stellar Astrophysics,
        Astrophysics - Astrophysics of Galaxies},
         year = 2018,
        month = Aug,
       volume = {616},
          eid = {A10},
        pages = {A10},
          doi = {10.1051/0004-6361/201832843},
 primaryClass = {astro-ph.SR},
       adsurl = {https://ui.adsabs.harvard.edu/#abs/2018A&A...616A..10G},
      adsnote = {Provided by the SAO/NASA Astrophysics Data System}
}



@ARTICLE{Arenou2018,
   author = {{Arenou}, F. and {Luri}, X. and {Babusiaux}, C. and {Fabricius}, C. and 
	{Helmi}, A. and {Muraveva}, T. and {Robin}, A.~C. and {Spoto}, F. and 
	{Vallenari}, A. and {Antoja}, T. and {Cantat-Gaudin}, T. and 
	{Jordi}, C. and {Leclerc}, N. and {Reyl{\'e}}, C. and {Romero-G{\'o}mez}, M. and 
	{Shih}, I.-C. and {Soria}, S. and {Barache}, C. and {Bossini}, D. and 
	{Bragaglia}, A. and {Breddels}, M.~A. and {Fabrizio}, M. and 
	{Lambert}, S. and {Marrese}, P.~M. and {Massari}, D. and {Moitinho}, A. and 
	{Robichon}, N. and {Ruiz-Dern}, L. and {Sordo}, R. and {Veljanoski}, J. and 
	{Eyer}, L. and {Jasniewicz}, G. and {Pancino}, E. and {Soubiran}, C. and 
	{Spagna}, A. and {Tanga}, P. and {Turon}, C. and {Zurbach}, C.
	},
    title = "{Gaia Data Release 2. Catalogue validation}",
  journal = {\aap},
archivePrefix = "arXiv",
   eprint = {1804.09375},
 keywords = {catalogs, stars: fundamental parameters, astrometry, techniques: radial velocities, stars: variables: general, minor planets, asteroids: general},
     year = 2018,
    month = aug,
   volume = 616,
      eid = {A17},
    pages = {A17},
      doi = {10.1051/0004-6361/201833234},
   adsurl = {http://adsabs.harvard.edu/abs/2018A%26A...616A..17A},
  adsnote = {Provided by the SAO/NASA Astrophysics Data System}
}

@ARTICLE{Casagrande2018,
   author = {{Casagrande}, L. and {VandenBerg}, D.~A.},
    title = "{On the use of Gaia magnitudes and new tables of bolometric corrections}",
  journal = {\mnras},
archivePrefix = "arXiv",
   eprint = {1806.01953},
 primaryClass = "astro-ph.SR",
 keywords = {techniques: photometric, stars: atmospheres, stars: fundamental parameters, stars: Hertzsprung-Russell and colour-magnitude diagrams},
     year = 2018,
    month = sep,
   volume = 479,
    pages = {L102-L107},
      doi = {10.1093/mnrasl/sly104},
   adsurl = {http://adsabs.harvard.edu/abs/2018MNRAS.479L.102C},
  adsnote = {Provided by the SAO/NASA Astrophysics Data System}
}

@ARTICLE{GSPspec2016,
   author = {{Recio-Blanco}, A. and {de Laverny}, P. and {Allende Prieto}, C. and 
	{Fustes}, D. and {Manteiga}, M. and {Arcay}, B. and {Bijaoui}, A. and 
	{Dafonte}, C. and {Ordenovic}, C. and {Ordo{\~n}ez Blanco}, D.
	},
    title = "{Stellar parametrization from Gaia RVS spectra}",
  journal = {\aap},
archivePrefix = "arXiv",
   eprint = {1510.00111},
 keywords = {stars: fundamental parameters, Galaxy: stellar content},
     year = 2016,
    month = jan,
   volume = 585,
      eid = {A93},
    pages = {A93},
      doi = {10.1051/0004-6361/201425030},
   adsurl = {http://cdsads.u-strasbg.fr/abs/2016A%26A...585A..93R},
  adsnote = {Provided by the SAO/NASA Astrophysics Data System}
}

@ARTICLE{Fustes2013b,
    author={Fustes, D. and Manteiga, M. and Dafonte, C. and Arcay, B. and Ulla, A. and Smith, K. and Borrachero, R. and Sordo, R.},
    title="{An approach to the analysis of SDSS spectroscopic outliers based on self-organizing maps: Designing the outlier analysis software package for the next Gaia survey}",
    journal={Astronomy and Astrophysics},
    year={2013},
    volume={559},
    doi={10.1051/0004-6361/201321445},
    art_number={A7},
    document_type={Article},
    adsurl = {https://ui.adsabs.harvard.edu/abs/2013arXiv1309.2418F}
}

@ARTICLE{2018MNRAS.473.1785D,
   author = {{Delchambre}, L.},
    title = "{Determination of astrophysical parameters of quasars within the Gaia mission}",
  journal = {\mnras},
archivePrefix = "arXiv",
   eprint = {1709.09378},
 keywords = {methods: data analysis, quasars: general},
     year = 2018,
    month = jan,
   volume = 473,
    pages = {1785-1800},
      doi = {10.1093/mnras/stx2417},
   adsurl = {http://adsabs.harvard.edu/abs/2018MNRAS.473.1785D},
  adsnote = {Provided by the SAO/NASA Astrophysics Data System}
}

@ARTICLE{2017A&A...597A..79P,
       author = {{P{\^a}ris}, Isabelle and {Petitjean}, Patrick and {Ross}, Nicholas P. and
         {Myers}, Adam D. and {Aubourg}, {\'E}ric and {Streblyanska}, Alina and
         {Bailey}, Stephen and {Armengaud}, {\'E}ric and
         {Palanque-Delabrouille}, Nathalie and {Y{\`e}che}, Christophe and
         {Hamann}, Fred and {Strauss}, Michael A. and {Albareti}, Franco D. and
         {Bovy}, Jo and {Bizyaev}, Dmitry and {Niel Brandt}, W. and
         {Brusa}, Marcella and {Buchner}, Johannes and {Comparat}, Johan and
         {Croft}, Rupert A.~C. and {Dwelly}, Tom and {Fan}, Xiaohui and
         {Font-Ribera}, Andreu and {Ge}, Jian and {Georgakakis}, Antonis and
         {Hall}, Patrick B. and {Jiang}, Linhua and {Kinemuchi}, Karen and
         {Malanushenko}, Elena and {Malanushenko}, Viktor and
         {McMahon}, Richard G. and {Menzel}, Marie-Luise and {Merloni}, Andrea and
         {Nandra}, Kirpal and {Noterdaeme}, Pasquier and {Oravetz}, Daniel and
         {Pan}, Kaike and {Pieri}, Matthew M. and {Prada}, Francisco and
         {Salvato}, Mara and {Schlegel}, David J. and {Schneider}, Donald P. and
         {Simmons}, Audrey and {Viel}, Matteo and {Weinberg}, David H. and
         {Zhu}, Liu},
        title = "{The Sloan Digital Sky Survey Quasar Catalog: Twelfth data release}",
      journal = {\aap},
     keywords = {catalogs, surveys, quasars: general, Astrophysics - Astrophysics of Galaxies, Astrophysics - Cosmology and Nongalactic Astrophysics},
         year = "2017",
        month = "Jan",
       volume = {597},
          eid = {A79},
        pages = {A79},
          doi = {10.1051/0004-6361/201527999},
archivePrefix = {arXiv},
       eprint = {1608.06483},
 primaryClass = {astro-ph.GA},
       adsurl = {https://ui.adsabs.harvard.edu/abs/2017A&A...597A..79P},
      adsnote = {Provided by the SAO/NASA Astrophysics Data System}
}
